<record><leader>00000cas a22000007a 4500</leader><controlfield tag="001">11138660</controlfield><controlfield tag="008">840910u18uuuuuuiaudr ne      0   a0eng d</controlfield><datafield ind1=" " ind2=" " tag="010"><subfield code="a">sn 84031039 </subfield></datafield><datafield ind1=" " ind2=" " tag="040"><subfield code="a">NYG</subfield><subfield code="b">eng</subfield><subfield code="c">NYG</subfield><subfield code="d">OCLCQ</subfield></datafield><datafield ind1=" " ind2=" " tag="042"><subfield code="a">msc</subfield></datafield><datafield ind1="0" ind2=" " tag="130"><subfield code="a">Daily times (Dubuque, Iowa)</subfield></datafield><datafield ind1="1" ind2="0" tag="245"><subfield code="a">Daily times.</subfield></datafield><datafield ind1=" " ind2=" " tag="260"><subfield code="a">Dubuque, Iowa :</subfield><subfield code="b">[s.n.]</subfield></datafield><datafield ind1=" " ind2=" " tag="300"><subfield code="a">v. ;</subfield><subfield code="c">55 cm.</subfield></datafield><datafield ind1=" " ind2=" " tag="310"><subfield code="a">Daily</subfield></datafield><datafield ind1=" " ind2=" " tag="500"><subfield code="a">Published daily except Monday.</subfield></datafield><datafield ind1=" " ind2=" " tag="588"><subfield code="a">Description based on: Vol. 6, no. 107 (Nov. 3, 1861).</subfield></datafield><datafield ind1=" " ind2=" " tag="752"><subfield code="a">United States</subfield><subfield code="b">Iowa</subfield><subfield code="c">Dubuque</subfield><subfield code="d">Dubuque.</subfield></datafield><datafield ind1="1" ind2=" " tag="029"><subfield code="a">AU@</subfield><subfield code="b">000025800571</subfield></datafield></record>